@inproceedings{redmon2016you,
  title={You only look once: Unified, real-time object detection},
  author={Redmon, Joseph and Divvala, Santosh and Girshick, Ross and Farhadi, Ali},
  booktitle={Proceedings of the IEEE conference on computer vision and pattern recognition},
  pages={779--788},
  year={2016}
}

@article{popkin2015nutrition,
  title={Nutrition transition and the global diabetes epidemic},
  author={Popkin, Barry M},
  journal={Current diabetes reports},
  volume={15},
  pages={1--8},
  year={2015},
  publisher={Springer}
}

@article{monteiro2013ultra,
  title={Ultra-processed products are becoming dominant in the global food system},
  author={Monteiro, Carlos A and Moubarac, J-C and Cannon, Geoffrey and Ng, Shu Wen and Popkin, Barry},
  journal={Obesity reviews},
  volume={14},
  pages={21--28},
  year={2013},
  publisher={Wiley Online Library}
}

@inproceedings{lin2014microsoft,
  title={Microsoft coco: Common objects in context},
  author={Lin, Tsung-Yi and Maire, Michael and Belongie, Serge and Hays, James and Perona, Pietro and Ramanan, Deva and Doll{\'a}r, Piotr and Zitnick, C Lawrence},
  booktitle={Computer Vision--ECCV 2014: 13th European Conference, Zurich, Switzerland, September 6-12, 2014, Proceedings, Part V 13},
  pages={740--755},
  year={2014},
  organization={Springer}
}

@inproceedings{varghese2024yolov8,
  title={YOLOv8: A Novel Object Detection Algorithm with Enhanced Performance and Robustness},
  author={Varghese, Rejin and Sambath, M},
  booktitle={2024 International Conference on Advances in Data Engineering and Intelligent Computing Systems (ADICS)},
  pages={1--6},
  year={2024},
  organization={IEEE}
}

@misc{ultralyticstipstraining,
    title = {Tips for Best Training Results - Ultralytics YOLO Docs},
    author = {Burhan-Q, glenn-jocher},
    year = {2023},
    url = {https://docs.ultralytics.com/yolov5/tutorials/tips_for_best_training_results/#training-settings},
    note = {Accessed on 2024-05-31},
}

@misc{kaggle,
    title = {Kaggle},
    url = {https://www.kaggle.com/},
}

@misc{roboflow,
    title = {Roboflow},
    url = {https://app.roboflow.com/},
}

@misc{aicrowd,
    title = {AIcrowd},
    url = {https://www.aicrowd.com/}
}